<?xml version="1.0" encoding="UTF-8"?><collection xmlns="http://www.loc.gov/MARC21/slim"><record><leader>00442nam--2200169-i-4500</leader><controlfield tag="001">000015332</controlfield><controlfield tag="002">20161230</controlfield><controlfield tag="005">20170127233502</controlfield><controlfield tag="008">060222s1000------------r-----000-0-rus-d</controlfield><datafield ind1=" " ind2=" " tag="040"><subfield code="a">IFIN-HH</subfield></datafield><datafield ind1=" " ind2=" " tag="041"><subfield code="a">rus</subfield></datafield><datafield ind1="1" ind2=" " tag="100"><subfield code="a">Ustinova, N. D</subfield></datafield><datafield ind1="1" ind2="0" tag="245"><subfield code="a">Adaptatiis v informationnih opticeskih sistemah</subfield><subfield code="c">N.D. Ustinova (Red.)</subfield></datafield><datafield ind1=" " ind2=" " tag="260"><subfield code="a">Moskva</subfield><subfield code="b">Radio I Sviazi</subfield><subfield code="c">1984</subfield></datafield><datafield ind1=" " ind2=" " tag="300"><subfield code="a">343 p</subfield></datafield><datafield ind1=" " ind2=" " tag="852"><subfield code="a">72615</subfield><subfield code="c">535</subfield></datafield><datafield ind1=" " ind2=" " tag="CAT"><subfield code="a">SYS</subfield><subfield code="c">20170127</subfield><subfield code="h">233502</subfield></datafield></record></collection>